@book{Wilson1975,
	author = "Robert Shea and
	                 Robert A. Wilson",
	title = "Illuminatus!",
	publisher = "Dell Publishing",
	year = "1975"
}

@book{Montesquieu1748,
    author = "Montesquieu",
    title = "De l'esprit des lois",
    publisher = "Barrillot \& fils",
    year = "1748"
}

@book{Malaclypse1963,
	author = "Malaclypse the Younger and
				   Lord Omar Khayyam Ravenhurst",
	title = "Principia Discordia",
	year = "1963"
}

@book{Locke1689,
	author = "John Locke",
	title = "Two Treatises of Government",
	publisher = "Awnsham Churchill",
	year = "1689"
}

@book{Korzybski1933,
	author = "Alfred Korzybski",
	title = "Science and Sanity: An Introduction to Non-Aristotelian Systems and General Semantics",
	publisher = "Institute of General Semantics",
	year = "1933"
}

@book{Graham1988,
	author = "Ronald Graham and
				   Donald E. Knuth and
				   Oren Patashnik",
	title = "Concrete Mathematics",
	publisher = "Addison-Wesley",
	year = "1988"
}

@article{Rota1964,
	author = "Gian-Carlo Rota",
	title = "The number of partitions of a set",
	journal = "The American Mathematical Monthly",
	volume = "71",
	number = "5",
	pages = "498--504",
	year = "1964"
}

@article{Aitken1933,
	author = "Alexander Aitken",
	title = "A problem in combinations",
	journal = "Mathematical Notes",
	volume = "28",
	pages = "18--23",
	year = "1933"
}

@article{Good1975,
	author = "Irving J. Good",
	title = "The number of orderings of n candidates when ties are permitted",
	journal = "Fibonacci Quaterly",
	volume = "13",
	pages = "11--18",
	year = "1975"
}

@book{Knuth1998,
	author = "Donald E. Knuth",
	title = "The Art of Computer Programming Volume 3 Sorting and Searching",
	publisher = "Addison-Wesley",
	year = "1998"
}

@book{Kelly1955,
	author = "George Kelly",
	title = "The Psychology of Personal Constructs. Vol. I, II.",
	publisher = "Norton",
	year = "1955"
}

@book{Herman1988,
	author = "Edward S. Herman and
				   Noam Chomsky",
	title = "Manufacturing Consent: The Political Economy of the Mass Media",
	publisher = "Pantheon Books",
	year = "1988"
}

@book{Bourdieu1996,
	author = "Pierre Bourdieu",
	title = "Sur la t\'el\'evision, suivi de L'emprise du journalisme",
	publisher = "Liber-Raisons d'agir",
	year = "1996"
}

@book{Carlyle1837,
	author = "Thomas Carlyle",
	title = "The French Revolution: A History",
	publisher = "Chapman \& Hall",
	year = "1837"
}

@book{Ramonet1989,
	author = "Ignacio Ramonet",
	title = "La Communication victime des marchands",
	publisher = "La D\'ecouverte",
	year = "1989"
}
	
@book{Ramonet1996,
	author = "Ignacio Ramonet",
	title = "Nouveaux Pouvoirs, nouveaux ma\^itres du monde",
	publisher = "Fides",
	year = "1996"
}

